%YAML 1.1
%TAG !u! tag:unity3d.com,2011:
--- !u!1001 &100100000
Prefab:
  m_ObjectHideFlags: 1
  serializedVersion: 2
  m_Modification:
    m_TransformParent: {fileID: 0}
    m_Modifications: []
    m_RemovedComponents: []
  m_SourcePrefab: {fileID: 0}
  m_RootGameObject: {fileID: 1731294365129126}
  m_IsPrefabAsset: 1
--- !u!1 &1731294365129126
GameObject:
  m_ObjectHideFlags: 0
  m_CorrespondingSourceObject: {fileID: 0}
  m_PrefabInternal: {fileID: 100100000}
  serializedVersion: 6
  m_Component:
  - component: {fileID: 4470680985673946}
  - component: {fileID: 54155058943665220}
  - component: {fileID: 212823165701247828}
  - component: {fileID: 95235758856381640}
  - component: {fileID: 65012693242683424}
  - component: {fileID: 65715594426133222}
  - component: {fileID: 114825370018314028}
  m_Layer: 9
  m_Name: Player 1
  m_TagString: Player
  m_Icon: {fileID: 0}
  m_NavMeshLayer: 0
  m_StaticEditorFlags: 0
  m_IsActive: 1
--- !u!1 &1837957264227004
GameObject:
  m_ObjectHideFlags: 0
  m_CorrespondingSourceObject: {fileID: 0}
  m_PrefabInternal: {fileID: 100100000}
  serializedVersion: 6
  m_Component:
  - component: {fileID: 4171142493758306}
  m_Layer: 9
  m_Name: WeaponSpawn
  m_TagString: Untagged
  m_Icon: {fileID: 0}
  m_NavMeshLayer: 0
  m_StaticEditorFlags: 0
  m_IsActive: 1
--- !u!4 &4171142493758306
Transform:
  m_ObjectHideFlags: 1
  m_CorrespondingSourceObject: {fileID: 0}
  m_PrefabInternal: {fileID: 100100000}
  m_GameObject: {fileID: 1837957264227004}
  m_LocalRotation: {x: 0, y: 0, z: 0, w: 1}
  m_LocalPosition: {x: 0, y: 0, z: 0}
  m_LocalScale: {x: 1, y: 1, z: 1}
  m_Children: []
  m_Father: {fileID: 4470680985673946}
  m_RootOrder: 0
  m_LocalEulerAnglesHint: {x: 0, y: 0, z: 0}
--- !u!4 &4470680985673946
Transform:
  m_ObjectHideFlags: 1
  m_CorrespondingSourceObject: {fileID: 0}
  m_PrefabInternal: {fileID: 100100000}
  m_GameObject: {fileID: 1731294365129126}
  m_LocalRotation: {x: -0, y: -0, z: -0, w: 1}
  m_LocalPosition: {x: 0, y: 0, z: -1.1}
  m_LocalScale: {x: 0.1, y: 0.1, z: 1}
  m_Children:
  - {fileID: 4171142493758306}
  m_Father: {fileID: 0}
  m_RootOrder: 0
  m_LocalEulerAnglesHint: {x: 0, y: 0, z: 0}
--- !u!54 &54155058943665220
Rigidbody:
  m_ObjectHideFlags: 1
  m_CorrespondingSourceObject: {fileID: 0}
  m_PrefabInternal: {fileID: 100100000}
  m_GameObject: {fileID: 1731294365129126}
  serializedVersion: 2
  m_Mass: 1
  m_Drag: 0
  m_AngularDrag: 0.05
  m_UseGravity: 1
  m_IsKinematic: 0
  m_Interpolate: 0
  m_Constraints: 0
  m_CollisionDetection: 0
--- !u!65 &65012693242683424
BoxCollider:
  m_ObjectHideFlags: 1
  m_CorrespondingSourceObject: {fileID: 0}
  m_PrefabInternal: {fileID: 100100000}
  m_GameObject: {fileID: 1731294365129126}
  m_Material: {fileID: 0}
  m_IsTrigger: 0
  m_Enabled: 1
  serializedVersion: 2
  m_Size: {x: 13.232411, y: 16.578825, z: 1}
  m_Center: {x: -0.04060805, y: -0.058623552, z: 0}
--- !u!65 &65715594426133222
BoxCollider:
  m_ObjectHideFlags: 1
  m_CorrespondingSourceObject: {fileID: 0}
  m_PrefabInternal: {fileID: 100100000}
  m_GameObject: {fileID: 1731294365129126}
  m_Material: {fileID: 0}
  m_IsTrigger: 1
  m_Enabled: 1
  serializedVersion: 2
  m_Size: {x: 13.232411, y: 16.578825, z: 1}
  m_Center: {x: -0.04060805, y: -0.058623552, z: 0}
--- !u!95 &95235758856381640
Animator:
  serializedVersion: 3
  m_ObjectHideFlags: 1
  m_CorrespondingSourceObject: {fileID: 0}
  m_PrefabInternal: {fileID: 100100000}
  m_GameObject: {fileID: 1731294365129126}
  m_Enabled: 1
  m_Avatar: {fileID: 0}
  m_Controller: {fileID: 9100000, guid: 02dcb0ba6788b1948b4889736cb303af, type: 2}
  m_CullingMode: 0
  m_UpdateMode: 0
  m_ApplyRootMotion: 0
  m_LinearVelocityBlending: 0
  m_WarningMessage: 
  m_HasTransformHierarchy: 1
  m_AllowConstantClipSamplingOptimization: 1
  m_KeepAnimatorControllerStateOnDisable: 0
--- !u!114 &114825370018314028
MonoBehaviour:
  m_ObjectHideFlags: 1
  m_CorrespondingSourceObject: {fileID: 0}
  m_PrefabInternal: {fileID: 100100000}
  m_GameObject: {fileID: 1731294365129126}
  m_Enabled: 1
  m_EditorHideFlags: 0
  m_Script: {fileID: 11500000, guid: ed876f02f8e65844b9e0317c6ec7f0a5, type: 3}
  m_Name: 
  m_EditorClassIdentifier: 
  boundary:
    xMin: -50
    xMax: 50
    yMin: -50
    yMax: 50
  playerrotation:
    xRotation: 0
    yRotation: 0
    zRotation: 0
  playerstats:
    health: 20
    experience: 0
    healthRegenRate: 0.01
  playermovekeys:
    left: 0
    right: 0
    up: 0
    down: 0
    shoot: 0
    escape: 0
  crosshairfollow:
    speed: 100
    direction: {x: 0, y: 0}
    angle: 0
    rotation: {x: 0, y: 0, z: 0, w: 0}
    active: 0
  weaponVector3: {x: 0, y: 0, z: 0}
  interact: 0
  equippedWeapon: USBStickShotgun
  weaponObject: {fileID: 0}
  usbstickshotgun: {fileID: 1298769632051606, guid: b87b378de2c47ff428aa46b27907bafd,
    type: 2}
  audiodongle: {fileID: 1101411242520188, guid: af13c3ca817aad2478a73ec5f4b1af03,
    type: 2}
  wirelessusbpistol: {fileID: 1196390691849074, guid: cec012839ae548d47b8e353a57c25379,
    type: 2}
  weaponActive: 0
  weapon: {fileID: 0}
  playerAnimator: {fileID: 95235758856381640}
  escapeMenu: {fileID: 0}
  gameOverMenu: {fileID: 0}
  crosshairTexture: {fileID: 0}
  curMode: 0
  hotSpot: {x: 0, y: 0}
  rb: {fileID: 54155058943665220}
  speed: 5
  tilt: 0
  characterSpriteRenderer: {fileID: 0}
  weaponSpriteRenderer: {fileID: 0}
  characterTransform: {fileID: 4470680985673946}
  weaponTransform: {fileID: 0}
  weaponSpawn: {fileID: 4171142493758306}
--- !u!212 &212823165701247828
SpriteRenderer:
  m_ObjectHideFlags: 1
  m_CorrespondingSourceObject: {fileID: 0}
  m_PrefabInternal: {fileID: 100100000}
  m_GameObject: {fileID: 1731294365129126}
  m_Enabled: 1
  m_CastShadows: 0
  m_ReceiveShadows: 0
  m_DynamicOccludee: 1
  m_MotionVectors: 1
  m_LightProbeUsage: 1
  m_ReflectionProbeUsage: 1
  m_RenderingLayerMask: 4294967295
  m_Materials:
  - {fileID: 10754, guid: 0000000000000000f000000000000000, type: 0}
  m_StaticBatchInfo:
    firstSubMesh: 0
    subMeshCount: 0
  m_StaticBatchRoot: {fileID: 0}
  m_ProbeAnchor: {fileID: 0}
  m_LightProbeVolumeOverride: {fileID: 0}
  m_ScaleInLightmap: 1
  m_PreserveUVs: 0
  m_IgnoreNormalsForChartDetection: 0
  m_ImportantGI: 0
  m_StitchLightmapSeams: 0
  m_SelectedEditorRenderState: 0
  m_MinimumChartSize: 4
  m_AutoUVMaxDistance: 0.5
  m_AutoUVMaxAngle: 89
  m_LightmapParameters: {fileID: 0}
  m_SortingLayerID: 0
  m_SortingLayer: 0
  m_SortingOrder: 0
  m_Sprite: {fileID: 21300000, guid: 7123752a9a7120d40ba4f3a2cce51883, type: 3}
  m_Color: {r: 1, g: 1, b: 1, a: 1}
  m_FlipX: 0
  m_FlipY: 0
  m_DrawMode: 0
  m_Size: {x: 9.02, y: 9.02}
  m_AdaptiveModeThreshold: 0.5
  m_SpriteTileMode: 0
  m_WasSpriteAssigned: 1
  m_MaskInteraction: 0
  m_SpriteSortPoint: 0
