%YAML 1.1
%TAG !u! tag:unity3d.com,2011:
--- !u!1001 &100100000
Prefab:
  m_ObjectHideFlags: 1
  serializedVersion: 2
  m_Modification:
    m_TransformParent: {fileID: 0}
    m_Modifications: []
    m_RemovedComponents: []
  m_ParentPrefab: {fileID: 0}
  m_RootGameObject: {fileID: 1229426675075148}
  m_IsPrefabParent: 1
--- !u!1 &1229426675075148
GameObject:
  m_ObjectHideFlags: 0
  m_PrefabParentObject: {fileID: 0}
  m_PrefabInternal: {fileID: 100100000}
  serializedVersion: 5
  m_Component:
  - component: {fileID: 4131103418305932}
  - component: {fileID: 54563590251860364}
  - component: {fileID: 65043285134815828}
  - component: {fileID: 212406385132757112}
  - component: {fileID: 114295356953735386}
  - component: {fileID: 114918184514669614}
  m_Layer: 0
  m_Name: Turtle
  m_TagString: Enemy
  m_Icon: {fileID: 0}
  m_NavMeshLayer: 0
  m_StaticEditorFlags: 0
  m_IsActive: 1
--- !u!4 &4131103418305932
Transform:
  m_ObjectHideFlags: 1
  m_PrefabParentObject: {fileID: 0}
  m_PrefabInternal: {fileID: 100100000}
  m_GameObject: {fileID: 1229426675075148}
  m_LocalRotation: {x: 0, y: 1, z: 0, w: 0}
  m_LocalPosition: {x: -3.67, y: 1.71, z: 0}
  m_LocalScale: {x: 0.25, y: 0.25, z: 0.25}
  m_Children: []
  m_Father: {fileID: 0}
  m_RootOrder: 0
  m_LocalEulerAnglesHint: {x: 0, y: 0, z: 0}
--- !u!54 &54563590251860364
Rigidbody:
  m_ObjectHideFlags: 1
  m_PrefabParentObject: {fileID: 0}
  m_PrefabInternal: {fileID: 100100000}
  m_GameObject: {fileID: 1229426675075148}
  serializedVersion: 2
  m_Mass: 1
  m_Drag: 0
  m_AngularDrag: 0.05
  m_UseGravity: 1
  m_IsKinematic: 0
  m_Interpolate: 0
  m_Constraints: 0
  m_CollisionDetection: 0
--- !u!65 &65043285134815828
BoxCollider:
  m_ObjectHideFlags: 1
  m_PrefabParentObject: {fileID: 0}
  m_PrefabInternal: {fileID: 100100000}
  m_GameObject: {fileID: 1229426675075148}
  m_Material: {fileID: 13400000, guid: 50b162e617b9bcf49acd71e066a732ae, type: 2}
  m_IsTrigger: 0
  m_Enabled: 1
  serializedVersion: 2
  m_Size: {x: 9, y: 6, z: 0.25}
  m_Center: {x: 0, y: 0, z: 0}
--- !u!114 &114295356953735386
MonoBehaviour:
  m_ObjectHideFlags: 1
  m_PrefabParentObject: {fileID: 0}
  m_PrefabInternal: {fileID: 100100000}
  m_GameObject: {fileID: 1229426675075148}
  m_Enabled: 1
  m_EditorHideFlags: 0
  m_Script: {fileID: 11500000, guid: 6d2256af471e7ef48a10c2f4f34bc19b, type: 3}
  m_Name: 
  m_EditorClassIdentifier: 
  physics:
    rb: {fileID: 0}
    speed: 0
    tilt: 0
  boundaries:
    xMin: 0
    xMax: 0
    yMin: 0
    yMax: 0
    rangeMin: 0
    rangeMax: 0
  stats:
    health: 10
    level: 0
  countervars:
    mobMode: 1
    levelMobCount: 0
  characterSpriteRenderer: {fileID: 212406385132757112}
  characterTransform: {fileID: 4131103418305932}
  mob: {fileID: 1229426675075148}
  newMob: {fileID: 1229426675075148}
  abilities:
    shotSpawnVector: {x: 0, y: 0, z: 0}
    fireRate: 0.5
    nextFire: 0
    bite:
      rb: {fileID: 0}
      SpriteRenderer: {fileID: 0}
      weaponAttackAnimator: {fileID: 0}
      animatorShotSpawn: {fileID: 0}
      shotSpawn: {fileID: 0}
      damage: 2
      cooldown: 0.2
    dash:
      rb: {fileID: 0}
      SpriteRenderer: {fileID: 0}
      weaponAttackAnimator: {fileID: 0}
      animatorShotSpawn: {fileID: 0}
      shotSpawn: {fileID: 0}
      damage: 5
      cooldown: 7
    shot: {fileID: 0}
    shotSpawn: {fileID: 0}
  touchingPlayer: 0
  sharingPlayerYAxis: 0
--- !u!114 &114918184514669614
MonoBehaviour:
  m_ObjectHideFlags: 1
  m_PrefabParentObject: {fileID: 0}
  m_PrefabInternal: {fileID: 100100000}
  m_GameObject: {fileID: 1229426675075148}
  m_Enabled: 1
  m_EditorHideFlags: 0
  m_Script: {fileID: 11500000, guid: 355f6bad65c80f84fb264e233c80af80, type: 3}
  m_Name: 
  m_EditorClassIdentifier: 
  rb: {fileID: 0}
  vfx1: {fileID: 0}
  vfx2: {fileID: 0}
  enemyObject: {fileID: 0}
  boundary:
    xMin: 0
    xMax: 0
    yMin: 0
    yMax: 0
  playercontroller: {fileID: 0}
  mobcontroller: {fileID: 0}
  abilityName: 
--- !u!212 &212406385132757112
SpriteRenderer:
  m_ObjectHideFlags: 1
  m_PrefabParentObject: {fileID: 0}
  m_PrefabInternal: {fileID: 100100000}
  m_GameObject: {fileID: 1229426675075148}
  m_Enabled: 1
  m_CastShadows: 0
  m_ReceiveShadows: 0
  m_DynamicOccludee: 1
  m_MotionVectors: 1
  m_LightProbeUsage: 1
  m_ReflectionProbeUsage: 1
  m_RenderingLayerMask: 4294967295
  m_Materials:
  - {fileID: 10754, guid: 0000000000000000f000000000000000, type: 0}
  m_StaticBatchInfo:
    firstSubMesh: 0
    subMeshCount: 0
  m_StaticBatchRoot: {fileID: 0}
  m_ProbeAnchor: {fileID: 0}
  m_LightProbeVolumeOverride: {fileID: 0}
  m_ScaleInLightmap: 1
  m_PreserveUVs: 0
  m_IgnoreNormalsForChartDetection: 0
  m_ImportantGI: 0
  m_StitchLightmapSeams: 0
  m_SelectedEditorRenderState: 0
  m_MinimumChartSize: 4
  m_AutoUVMaxDistance: 0.5
  m_AutoUVMaxAngle: 89
  m_LightmapParameters: {fileID: 0}
  m_SortingLayerID: 0
  m_SortingLayer: 0
  m_SortingOrder: 0
  m_Sprite: {fileID: 21300000, guid: 0f97fd028929d9143a5ac74a282cd366, type: 3}
  m_Color: {r: 1, g: 1, b: 1, a: 1}
  m_FlipX: 0
  m_FlipY: 0
  m_DrawMode: 0
  m_Size: {x: 6.55, y: 9.06}
  m_AdaptiveModeThreshold: 0.5
  m_SpriteTileMode: 0
  m_WasSpriteAssigned: 1
  m_MaskInteraction: 0
